<record><leader>00000cas a22000007a 4500</leader><controlfield tag="001">2267941</controlfield><controlfield tag="008">760620d18591861gauwr ne      0    0eng d</controlfield><datafield ind1=" " ind2=" " tag="010"><subfield code="a">sn 86053164 </subfield></datafield><datafield ind1=" " ind2=" " tag="040"><subfield code="a">PIT</subfield><subfield code="b">eng</subfield><subfield code="c">PIT</subfield><subfield code="d">NPX</subfield><subfield code="d">NLG</subfield><subfield code="d">MGN</subfield><subfield code="d">GUA</subfield><subfield code="d">OCLCQ</subfield><subfield code="d">OCLCF</subfield><subfield code="d">OCLCO</subfield></datafield><datafield ind1="1" ind2=" " tag="029"><subfield code="a">AU@</subfield><subfield code="b">000025787205</subfield></datafield><datafield ind1=" " ind2=" " tag="042"><subfield code="a">msc</subfield></datafield><datafield ind1=" " ind2=" " tag="043"><subfield code="a">n-us-ga</subfield></datafield><datafield ind1="0" ind2=" " tag="130"><subfield code="a">Southern confederacy (Atlanta, Ga. : 1859 : Weekly)</subfield></datafield><datafield ind1="1" ind2="0" tag="245"><subfield code="a">Southern confederacy. Weekly.</subfield></datafield><datafield ind1=" " ind2=" " tag="260"><subfield code="a">Atlanta, Ga. :</subfield><subfield code="b">J.P. Hambleton &amp; M.N. Bartlett</subfield></datafield><datafield ind1=" " ind2=" " tag="300"><subfield code="a">v.</subfield></datafield><datafield ind1=" " ind2=" " tag="310"><subfield code="a">Weekly</subfield></datafield><datafield ind1="1" ind2=" " tag="362"><subfield code="a">Began in Feb. 1859; ceased in 1861.</subfield></datafield><datafield ind1=" " ind2=" " tag="500"><subfield code="a">Published a semiweekly ed. (title unknown).</subfield></datafield><datafield ind1=" " ind2=" " tag="500"><subfield code="a">Editors: James P. Hambleton &amp; Myron N. Bartlett, &lt;1859&gt;.</subfield></datafield><datafield ind1=" " ind2=" " tag="580"><subfield code="a">Daily ed.: Southern confederacy (Atlanta, Ga. : 1859 : Daily).</subfield></datafield><datafield ind1=" " ind2=" " tag="588"><subfield code="a">Description based on: Vol. 1, no. 32 (Nov. 11, 1859).</subfield></datafield><datafield ind1=" " ind2="0" tag="651"><subfield code="a">Georgia.</subfield></datafield><datafield ind1=" " ind2="7" tag="651"><subfield code="a">Georgia.</subfield><subfield code="2">fast</subfield><subfield code="0">(OCoLC)fst01204622</subfield></datafield><datafield ind1=" " ind2=" " tag="752"><subfield code="a">United States</subfield><subfield code="b">Georgia</subfield><subfield code="c">Fulton</subfield><subfield code="d">Atlanta.</subfield></datafield><datafield ind1="0" ind2=" " tag="775"><subfield code="t">Gate-city guardian</subfield><subfield code="w">(DLC)sn 82015427</subfield><subfield code="w">(OCoLC)8807971</subfield></datafield><datafield ind1="1" ind2=" " tag="775"><subfield code="t">Southern confederacy (Atlanta, Ga. : 1859 : Daily)</subfield><subfield code="w">(DLC)sn 82014676</subfield><subfield code="w">(OCoLC)8807243</subfield></datafield><datafield ind1="0" ind2="0" tag="785"><subfield code="t">Southern confederacy (Atlanta, Ga. : 1861 : Weekly)</subfield><subfield code="w">(DLC)sn 87062318</subfield></datafield></record>